[gd_scene load_steps=11 format=2]

[ext_resource path="res://assets/sprites/remake-sprites/background2.png" type="Texture" id=1]
[ext_resource path="res://scripts/rainspawner.gd" type="Script" id=2]
[ext_resource path="res://scenes/main/raindrop.tscn" type="PackedScene" id=3]
[ext_resource path="res://scripts/cactusspawner.gd" type="Script" id=4]
[ext_resource path="res://scenes/main/cactus.tscn" type="PackedScene" id=5]
[ext_resource path="res://assets/sprites/remake-sprites/wave.png" type="Texture" id=6]
[ext_resource path="res://scenes/main/wave.tscn" type="PackedScene" id=7]
[ext_resource path="res://scenes/main/umbrella.tscn" type="PackedScene" id=8]

[sub_resource type="RectangleShape2D" id=1]

custom_solver_bias = 0.0
extents = Vector2( 1300, 575 )

[sub_resource type="RectangleShape2D" id=2]

custom_solver_bias = 0.0
extents = Vector2( 5, 50 )

[node name="main" type="Node2D"]

[node name="bg" type="Sprite" parent="." index="0"]

position = Vector2( 640, 720 )
scale = Vector2( 1.25, 1.25 )
texture = ExtResource( 1 )
offset = Vector2( 0, -1280 )
_sections_unfolded = [ "Offset", "Transform", "Z" ]

[node name="rainspawner" type="Node2D" parent="." index="1"]

script = ExtResource( 2 )
_sections_unfolded = [ "Material" ]
delay = 0.3
edge = 10.0
raindrop = ExtResource( 3 )

[node name="cactusspawner" type="Node2D" parent="." index="2"]

script = ExtResource( 4 )
delay = 3
edge = 100.0
max_cac = 3
cactus = ExtResource( 5 )

[node name="water" type="KinematicBody2D" parent="." index="3"]

position = Vector2( 640, 1000 )
scale = Vector2( 0.6, 0.6 )
z = 2
input_pickable = false
collision_layer = 1
collision_mask = 1
collision/safe_margin = 0.08
_sections_unfolded = [ "Collision", "Pickable", "Transform", "Z", "collision" ]

[node name="water_sprite" type="Sprite" parent="water" index="0"]

position = Vector2( 0, 25 )
texture = ExtResource( 6 )
_sections_unfolded = [ "Offset", "Transform", "Z" ]

[node name="water_level" type="CollisionShape2D" parent="water" index="1"]

shape = SubResource( 1 )
_sections_unfolded = [ "Z" ]

[node name="wave" parent="water" index="2" instance=ExtResource( 7 )]

[node name="wave2" parent="water" index="3" instance=ExtResource( 7 )]

position = Vector2( 600, -533 )

[node name="wave3" parent="water" index="4" instance=ExtResource( 7 )]

position = Vector2( -600, -533 )

[node name="edge_left" type="StaticBody2D" parent="water" index="5"]

position = Vector2( -1066.67, -708.333 )
scale = Vector2( 2.08333, 2.08333 )
input_pickable = false
collision_layer = 2
collision_mask = 1
constant_linear_velocity = Vector2( 0, 0 )
constant_angular_velocity = 0.0
friction = 0.0
bounce = 1.0
_sections_unfolded = [ "Collision", "Transform" ]

[node name="edge_shape" type="CollisionShape2D" parent="water/edge_left" index="0"]

shape = SubResource( 2 )

[node name="edge_right" type="StaticBody2D" parent="water" index="6"]

position = Vector2( 1066.67, -708.333 )
scale = Vector2( 2.08333, 2.08333 )
input_pickable = false
collision_layer = 2
collision_mask = 1
constant_linear_velocity = Vector2( 0, 0 )
constant_angular_velocity = 0.0
friction = 0.0
bounce = 1.0
_sections_unfolded = [ "Collision", "Transform" ]

[node name="edge_shape" type="CollisionShape2D" parent="water/edge_right" index="0"]

shape = SubResource( 2 )

[node name="umbrella_left" parent="." index="4" instance=ExtResource( 8 )]

edge = 40.0
margin = 80.0
go_up = "p1_up"
go_down = "p1_down"

[node name="umbrella_right" parent="." index="5" instance=ExtResource( 8 )]

position = Vector2( 900, 450 )
edge = 40.0
margin = 80.0
go_left = "p2_left"
go_right = "p2_right"
go_up = "p2_up"
go_down = "p2_down"


[editable path="water/wave"]
[editable path="water/wave2"]
[editable path="water/wave3"]
[editable path="umbrella_left"]
